@book{rotman,
    title = {An Introduction to Algebraic Topology},
    author = {Joseph J. Rotman},
    series = {Graduate Texts in Mathematics},
    year = {1988},
    publisher = {Springer-Verlag New York}
}
@misc{simplicialNN,
    title={Simplicial Neural Networks}, 
    author={S. Ebli and M. Defferrard and G. Spreemann},
    year={2020}
}
@misc{DEC,
    title={Discrete Exterior Calculus}, 
    author={M. Desbrun and A. N. Hirani and M. Leok and J. E. Marsden},
    year={2005}
}